<?xml version="1.0" encoding="UTF-8"?><collection xmlns="http://www.loc.gov/MARC21/slim"><record><leader>00582nam--2200205-i-4500</leader><controlfield tag="001">000010537</controlfield><controlfield tag="002">20161230</controlfield><controlfield tag="005">20161230201028</controlfield><controlfield tag="008">060222s1000------------r-----000-0-fre-d</controlfield><datafield ind1=" " ind2=" " tag="040"><subfield code="a">IFIN-HH</subfield></datafield><datafield ind1=" " ind2=" " tag="041"><subfield code="a">fre</subfield></datafield><datafield ind1=" " ind2=" " tag="080"><subfield code="a">539.196.3(061.3)</subfield></datafield><datafield ind1="1" ind2=" " tag="100"><subfield code="a">Aigrot, M</subfield></datafield><datafield ind1="1" ind2="0" tag="245"><subfield code="a">Systematique des potentiels intermoleculaires binaires</subfield><subfield code="c">M. aigrot, j.f. le men, l. galatry</subfield></datafield><datafield ind1=" " ind2=" " tag="260"><subfield code="a">Besancon</subfield><subfield code="b">Faculte Des Sciences</subfield><subfield code="c">1969</subfield></datafield><datafield ind1=" " ind2=" " tag="300"><subfield code="a">/14-29P.</subfield></datafield><datafield ind1=" " ind2=" " tag="490"><subfield code="a">Physique, 3-e Serie, Fasc.13,1969</subfield></datafield><datafield ind1="1" ind2=" " tag="700"><subfield code="a">Galatry, L</subfield></datafield><datafield ind1=" " ind2=" " tag="852"><subfield code="a">38124</subfield><subfield code="c">539.19</subfield></datafield><datafield ind1=" " ind2=" " tag="CAT"><subfield code="a">Sys</subfield><subfield code="c">20120713</subfield><subfield code="h">121722</subfield></datafield></record></collection>